<record><leader>00000cas a2200000 a 4500</leader><controlfield tag="001">9353723</controlfield><controlfield tag="008">830328d18421849tnuwr ne      0    0eng c</controlfield><datafield ind1=" " ind2=" " tag="010"><subfield code="a">sn 83045626 </subfield><subfield code="z">sn 83045606 </subfield></datafield><datafield ind1=" " ind2=" " tag="040"><subfield code="a">CRL</subfield><subfield code="b">eng</subfield><subfield code="c">CRL</subfield><subfield code="d">NPW</subfield><subfield code="d">NPV</subfield><subfield code="d">DLC</subfield><subfield code="d">NPX</subfield><subfield code="d">PPM</subfield><subfield code="d">KNP</subfield><subfield code="d">NVK</subfield><subfield code="d">TGN</subfield><subfield code="d">OCL</subfield><subfield code="d">TGN</subfield><subfield code="d">OCL</subfield><subfield code="d">OCLCG</subfield><subfield code="d">KRTAS</subfield><subfield code="d">CUI</subfield><subfield code="d">OCLCQ</subfield><subfield code="d">DLC</subfield><subfield code="d">OCLCF</subfield></datafield><datafield ind1="1" ind2=" " tag="029"><subfield code="a">AU@</subfield><subfield code="b">000002854038</subfield></datafield><datafield ind1=" " ind2=" " tag="042"><subfield code="a">pcc</subfield></datafield><datafield ind1=" " ind2=" " tag="043"><subfield code="a">n-us-tn</subfield></datafield><datafield ind1=" " ind2=" " tag="045"><subfield code="a">w4w4</subfield></datafield><datafield ind1="0" ind2="0" tag="050"><subfield code="a">Newspaper 9809</subfield></datafield><datafield ind1=" " ind2="4" tag="050"><subfield code="a">AN</subfield></datafield><datafield ind1=" " ind2=" " tag="052"><subfield code="a">3963</subfield><subfield code="b">W3</subfield></datafield><datafield ind1="0" ind2="4" tag="245"><subfield code="a">The Jonesborough Whig, and independent journal.</subfield></datafield><datafield ind1="1" ind2="3" tag="246"><subfield code="a">Jonesborough Whig</subfield><subfield code="f">&lt;July 31, 1844&gt;</subfield></datafield><datafield ind1=" " ind2=" " tag="260"><subfield code="a">Jonesborough, Tenn. :</subfield><subfield code="b">W.G. Brownlow,</subfield><subfield code="c">1842-1849.</subfield></datafield><datafield ind1=" " ind2=" " tag="300"><subfield code="a">v. :</subfield><subfield code="b">ill. ;</subfield><subfield code="c">65 cm.</subfield></datafield><datafield ind1=" " ind2=" " tag="310"><subfield code="a">Weekly</subfield></datafield><datafield ind1="0" ind2=" " tag="362"><subfield code="a">Vol. 4, no. 1 (May 18, 1842)-v. 10, no. 49 (Apr. 19, 1849).</subfield></datafield><datafield ind1=" " ind2=" " tag="500"><subfield code="a">Publishers: William G. Brownlow, &lt;1842-1844&gt;; Wm. G. Brownlow &amp; Charles P. Byers, 1845; Charles P. Byers, &lt;1845&gt;-1847; Wm. G. Brownlow, 1847-1849.</subfield></datafield><datafield ind1=" " ind2=" " tag="530"><subfield code="a">Available on microfilm from Tennessee State Library and Archives.</subfield></datafield><datafield ind1=" " ind2="0" tag="651"><subfield code="a">Jonesborough (Tenn.)</subfield><subfield code="v">Newspapers.</subfield></datafield><datafield ind1=" " ind2="0" tag="651"><subfield code="a">Washington County (Tenn.)</subfield><subfield code="v">Newspapers.</subfield></datafield><datafield ind1=" " ind2="7" tag="655"><subfield code="a">Newspapers.</subfield><subfield code="2">fast</subfield><subfield code="0">(OCoLC)fst01423814</subfield></datafield><datafield ind1=" " ind2="7" tag="651"><subfield code="a">Tennessee</subfield><subfield code="z">Jonesborough.</subfield><subfield code="2">fast</subfield><subfield code="0">(OCoLC)fst01205924</subfield></datafield><datafield ind1=" " ind2="7" tag="651"><subfield code="a">Tennessee</subfield><subfield code="z">Washington County.</subfield><subfield code="2">fast</subfield><subfield code="0">(OCoLC)fst01234578</subfield></datafield><datafield ind1="1" ind2=" " tag="700"><subfield code="a">Brownlow, William Gannaway,</subfield><subfield code="d">1805-1877.</subfield></datafield><datafield ind1=" " ind2=" " tag="752"><subfield code="a">United States</subfield><subfield code="b">Tennessee</subfield><subfield code="c">Washington</subfield><subfield code="d">Jonesborough.</subfield></datafield><datafield ind1="0" ind2="8" tag="776"><subfield code="i">Online version:</subfield><subfield code="t">Jonesborough Whig, and independent journal</subfield><subfield code="w">(OCoLC)642376534</subfield></datafield><datafield ind1="0" ind2="0" tag="780"><subfield code="t">Jonesborough Whig</subfield><subfield code="w">(DLC)sn 83045790</subfield><subfield code="w">(OCoLC)9673776</subfield></datafield><datafield ind1="0" ind2="0" tag="785"><subfield code="t">Brownlow's Knoxville Whig and independent journal</subfield><subfield code="x">2331-2858</subfield><subfield code="w">(DLC)sn 83045627</subfield><subfield code="w">(OCoLC)9547719</subfield></datafield><datafield ind1=" " ind2=" " tag="938"><subfield code="a">Kirtas Technologies, Inc.</subfield><subfield code="b">KRTS</subfield><subfield code="n">736372</subfield></datafield></record>